
%%%%%%%%%%%%%%%%%%%%%%%%%%%%%%%%%%%%%%%%%%%%%%%%%%%%%%%%%%%%%%%%%%%%%%%%%%%%%%%%%
%
% SM Higgs boson theory papers
%

@article{Belusca-Maito:2016dqe,
      author         = "Bélusca-Maïto, Hermès and Falkowski, Adam and Fontes,
                        Duarte and Romão, Jorge C. and Silva, João P.",
      title          = "{Higgs EFT for 2HDM and beyond}",
      journal        = "Eur. Phys. J.",
      volume         = "C77",
      year           = "2017",
      number         = "3",
      pages          = "176",
      doi            = "10.1140/epjc/s10052-017-4745-5",
      eprint         = "1611.01112",
      archivePrefix  = "arXiv",
      primaryClass   = "hep-ph",
      reportNumber   = "LPT-ORSAY-16-64, CFTP-16-013",
      SLACcitation   = "%%CITATION = ARXIV:1611.01112;%%"
}

@article{deBlas:2014mba,
      author         = "de Blas, Jorge and Chala, Mikael and Perez-Victoria,
                        Manuel and Santiago, Jose",
      title          = "{Observable Effects of General New Scalar Particles}",
      journal        = "JHEP",
      volume         = "04",
      year           = "2015",
      pages          = "078",
      doi            = "10.1007/JHEP04(2015)078",
      eprint         = "1412.8480",
      archivePrefix  = "arXiv",
      primaryClass   = "hep-ph",
      reportNumber   = "CERN-PH-TH-2014-264, DESY-15-011",
      SLACcitation   = "%%CITATION = ARXIV:1412.8480;%%"
}

@article{Dawson:2017vgm,
      author         = "Dawson, Sally and Murphy, Christopher W.",
      title          = "{Standard Model EFT and Extended Scalar Sectors}",
      journal        = "Phys. Rev.",
      volume         = "D96",
      year           = "2017",
      number         = "1",
      pages          = "015041",
      doi            = "10.1103/PhysRevD.96.015041",
      eprint         = "1704.07851",
      archivePrefix  = "arXiv",
      primaryClass   = "hep-ph",
      SLACcitation   = "%%CITATION = ARXIV:1704.07851;%%"
}

@article{Cepeda:2019klc,
      author         = "Cepeda, M. and others",
      title          = "{Higgs Physics at the HL-LHC and HE-LHC}",
      collaboration  = "Physics of the HL-LHC Working Group",
      year           = "2019",
      eprint         = "1902.00134",
      archivePrefix  = "arXiv",
      primaryClass   = "hep-ph",
      reportNumber   = "CERN-LPCC-2018-04",
      SLACcitation   = "%%CITATION = ARXIV:1902.00134;%%"
}

@article{Grazzini:2018bsd,
      author         = "Grazzini, Massimiliano and Heinrich, Gudrun and Jones,
                        Stephen and Kallweit, Stefan and Kerner, Matthias and
                        Lindert, Jonas M. and Mazzitelli, Javier",
      title          = "{Higgs boson pair production at NNLO with top quark mass
                        effects}",
      journal        = "JHEP",
      volume         = "05",
      year           = "2018",
      pages          = "059",
      doi            = "10.1007/JHEP05(2018)059",
      eprint         = "1803.02463",
      archivePrefix  = "arXiv",
      primaryClass   = "hep-ph",
      reportNumber   = "CERN-TH-2018-044, IPPP/18/15, MPP-2018-30, ZU-TH 10/18,
                        IPPP-18-15, ZU-TH-10-18",
      SLACcitation   = "%%CITATION = ARXIV:1803.02463;%%"
}

@article{Englert:1964et,
      author         = "Englert, F. and Brout, R.",
      title          = "{Broken symmetry and the mass of gauge vector mesons}",
      journal        = "Phys.~Rev.~Lett.",
      volume         = "13",
      pages          = "321",
      doi            = "10.1103/PhysRevLett.13.321",
      year           = "1964",
      SLACcitation   = "%%CITATION = PRLTA,13,321;%%",
}

@article{Higgs:1964ia,
      author         = "Higgs, Peter~W.",
      title          = "{Broken symmetries, massless particles and gauge fields}",
      journal        = "Phys.~Lett.",
      volume         = "12",
      pages          = "132",
      doi            = "10.1016/0031-9163(64)91136-9",
      year           = "1964",
      SLACcitation   = "%%CITATION = PHLTA,12,132;%%",
}

@article{Higgs:1964pj,
      author         = "Higgs, Peter~W.",
      title          = "{Broken symmetries and the masses of gauge bosons}",
      journal        = "Phys.~Rev.~Lett.",
      volume         = "13",
      pages          = "508",
      doi            = "10.1103/PhysRevLett.13.508",
      year           = "1964",
      SLACcitation   = "%%CITATION = PRLTA,13,508;%%",
}

@article{Guralnik:1964eu,
      author         = "Guralnik, G.~S. and Hagen, C.~R. and Kibble, T.~W.~B.",
      title          = "{Global conservation laws and massless particles}",
      journal        = "Phys.~Rev.~Lett.",
      volume         = "13",
      pages          = "585",
      doi            = "10.1103/PhysRevLett.13.585",
      year           = "1964",
      SLACcitation   = "%%CITATION = PRLTA,13,585;%%",
}

@article{Higgs:1966ev,
      author         = "Higgs, P.~W.",
      title          = "{Spontaneous symmetry breakdown without massless bosons}",
      journal        = "Phys.~Rev.",
      volume         = "145",
      pages          = "1156",
      doi            = "10.1103/PhysRev.145.1156",
      year           = "1966",
      SLACcitation   = "%%CITATION = PHRVA,145,1156;%%",
}

@article{Kibble:1967sv,
      author         = "Kibble, T.~W.~B.",
      title          = "{Symmetry breaking in non-Abelian gauge theories}",
      journal        = "Phys.~Rev.",
      volume         = "155",
      pages          = "1554",
      doi            = "10.1103/PhysRev.155.1554",
      year           = "1967",
      SLACcitation   = "%%CITATION = PHRVA,155,1554;%%",
}

@article{Buchmuller:1985jz,
      author         = "Buchmuller, W. and Wyler, D.",
      title          = "{Effective Lagrangian Analysis of New Interactions and
                        Flavor Conservation}",
      journal        = "Nucl. Phys.",
      volume         = "B268",
      year           = "1986",
      pages          = "621-653",
      doi            = "10.1016/0550-3213(86)90262-2",
      reportNumber   = "CERN-TH-4254/85",
      SLACcitation   = "%%CITATION = NUPHA,B268,621;%%"
}

@article{Buchalla:2015wfa,
      author         = "Buchalla, G. and Cata, O. and Celis, A. and Krause, C.",
      title          = "{Note on Anomalous Higgs-Boson Couplings in Effective
                        Field Theory}",
      journal        = "Phys. Lett.",
      volume         = "B750",
      year           = "2015",
      pages          = "298-301",
      doi            = "10.1016/j.physletb.2015.09.027",
      eprint         = "1504.01707",
      archivePrefix  = "arXiv",
      primaryClass   = "hep-ph",
      reportNumber   = "LMU-ASC-19-15",
      SLACcitation   = "%%CITATION = ARXIV:1504.01707;%%"
}

@article{Carvalho:2017vnu,
      author         = "Carvalho, Alexandra and Goertz, Florian and Mimasu, Ken
                        and Gouzevitch, Maxime and Aggarwal, Anamika",
      title          = "{On the reinterpretation of non-resonant searches for
                        Higgs boson pairs}",
      year           = "2017",
      eprint         = "1710.08261",
      archivePrefix  = "arXiv",
      primaryClass   = "hep-ph",
      SLACcitation   = "%%CITATION = ARXIV:1710.08261;%%"
}

@article{Goertz:2014qta,
      author         = "Goertz, Florian and Papaefstathiou, Andreas and Yang, Li
                        Lin and Zurita, José",
      title          = "{Higgs boson pair production in the D=6 extension of the
                        SM}",
      journal        = "JHEP",
      volume         = "04",
      year           = "2015",
      pages          = "167",
      doi            = "10.1007/JHEP04(2015)167",
      eprint         = "1410.3471",
      archivePrefix  = "arXiv",
      primaryClass   = "hep-ph",
      SLACcitation   = "%%CITATION = ARXIV:1410.3471;%%"
}

@article{Carvalho:2015ttv,
      author         = "Carvalho, Alexandra and Dall'Osso, Martino and Dorigo,
                        Tommaso and Goertz, Florian and Gottardo, Carlo A. and
                        Tosi, Mia",
      title          = "{Higgs Pair Production: Choosing Benchmarks With Cluster
                        Analysis}",
      journal        = "JHEP",
      volume         = "04",
      year           = "2016",
      pages          = "126",
      doi            = "10.1007/JHEP04(2016)126",
      eprint         = "1507.02245",
      archivePrefix  = "arXiv",
      primaryClass   = "hep-ph",
      SLACcitation   = "%%CITATION = ARXIV:1507.02245;%%"
}

@article{Sirunyan:2018two,
      author         = "Sirunyan, Albert M and others",
      title          = "{Combination of searches for Higgs boson pair production
                        in proton-proton collisions at $\sqrt{s} = $ 13 TeV}",
      collaboration  = "CMS",
      journal        = "Submitted to: Phys. Rev. Lett.",
      year           = "2018",
      eprint         = "1811.09689",
      archivePrefix  = "arXiv",
      primaryClass   = "hep-ex",
      reportNumber   = "CMS-HIG-17-030, CERN-EP-2018-292",
      SLACcitation   = "%%CITATION = ARXIV:1811.09689;%%"
}
%%%%%%%%%%%%%%%%%%%%%%%%%%%%%%%%%%%%%%%%%%%%%%%%%%%%%%%%%%%%%%%%%%%%%%%%%%%%%%%%%

%%%%%%%%%%%%%%%%%%%%%%%%%%%%%%%%%%%%%%%%%%%%%%%%%%%%%%%%%%%%%%%%%%%%%%%%%%%%%%%%%
%
% ATLAS and CMS SM Higgs boson discovery papers
%
@article{Higgs-Discovery_CMS,
      author         = "Chatrchyan, Serguei and others",
      title          = "{Observation of a new boson at a mass of $125$~\GeV with the CMS experiment at the LHC}",
      collaboration  = "CMS",
      journal        = "Phys.~Lett.",
      volume         = "B~716",
      pages          = "30",
      doi            = "10.1016/j.physletb.2012.08.021",
      year           = "2012",
      eprint         = "1207.7235",
      archivePrefix  = "arXiv",
      primaryClass   = "hep-ex",
      reportNumber   = "CMS-HIG-12-028, CERN-PH-EP-2012-220",
      SLACcitation   = "%%CITATION = ARXIV:1207.7235;%%",
}

@article{Higgs-Discovery_ATLAS,
      author         = "Aad, Georges and others",
      title          = "{Observation of a new particle in the search for the Standard Model Higgs boson with the ATLAS detector at the LHC}",
      collaboration  = "ATLAS",
      journal        = "Phys.~Lett.",
      volume         = "B~716",
      pages          = "1",
      doi            = "10.1016/j.physletb.2012.08.020",
      year           = "2012",
      eprint         = "1207.7214",
      archivePrefix  = "arXiv",
      primaryClass   = "hep-ex",
      reportNumber   = "CERN-PH-EP-2012-218",
      SLACcitation   = "%%CITATION = ARXIV:1207.7214;%%",
}

%%%%%%%%%%%%%%%%%%%%%%%%%%%%%%%%%%%%%%%%%%%%%%%%%%%%%%%%%%%%%%%%%%%%%%%%%%%%%%%%%

%%%%%%%%%%%%%%%%%%%%%%%%%%%%%%%%%%%%%%%%%%%%%%%%%%%%%%%%%%%%%%%%%%%%%%%%%%%%%%%%%
%
% ATLAS and CMS papers on Higgs property measurements
%
@article{HIG-14-042,
      author         = "Aad, Georges and others",
      title          = "{Combined measurement of the Higgs boson mass in $\textrm{p}\textrm{p}$
                        collisions at $\sqrt{s}=7$ and $8$~TeV with the ATLAS and
                        CMS experiments}",
      collaboration  = "ATLAS, CMS",
      journal        = "Phys.~Rev.~Lett.",
      volume         = "114",
      pages          = "191803",
      doi            = "10.1103/PhysRevLett.114.191803",
      year           = "2015",
      eprint         = "1503.07589",
      archivePrefix  = "arXiv",
      primaryClass   = "hep-ex",
      reportNumber   = "ATLAS-HIGG-2014-14, CMS-HIG-14-042, CERN-PH-EP-2015-075",
      SLACcitation   = "%%CITATION = ARXIV:1503.07589;%%",
}

@article{HIG-15-002,
      author         = "Aad, Georges and others",
      title          = "{Measurements of the Higgs boson production and decay
                        rates and constraints on its couplings from a combined
                        ATLAS and CMS analysis of the LHC $\Pp\Pp$ collision data at $\sqrt{s}=7$ and $8$~\TeV}",
      collaboration  = "ATLAS, CMS",
      journal        = "JHEP",
      volume         = "08",
      year           = "2016",
      pages          = "045",
      doi            = "10.1007/JHEP08(2016)045",
      eprint         = "1606.02266",
      archivePrefix  = "arXiv",
      primaryClass   = "hep-ex",
      reportNumber   = "CERN-EP-2016-100, ATLAS-HIGG-2015-07, CMS-HIG-15-002",
      SLACcitation   = "%%CITATION = ARXIV:1606.02266;%%"
}

@article{HIG-16-041,
      author         = "Sirunyan, A.~M. and others",
      title          = "{Measurements of properties of the Higgs boson decaying
                        into the four-lepton final state in $\Pp\Pp$ collisions at $\sqrt{s}=13$~\TeV}",
      collaboration  = "CMS",
      journal        = "JHEP",
      volume         = "11",
      year           = "2017",
      pages          = "047",
      doi            = "10.1007/JHEP11(2017)047",
      eprint         = "1706.09936",
      archivePrefix  = "arXiv",
      primaryClass   = "hep-ex",
      reportNumber   = "CMS-HIG-16-041, CERN-EP-2017-123",
      SLACcitation   = "%%CITATION = ARXIV:1706.09936;%%"
}

@article{Aaboud:2018wps,
      author         = "Aaboud, Morad and others",
      title          = "{Measurement of the Higgs boson mass in the $\PHiggs \to \PZ\PZ^{*} \to 4 \Plepton$
                        and $\PHiggs \to \gamma\gamma$ channels with $\sqrt{s}=13$~\TeV $\Pp\Pp$ collisions 
                        using the ATLAS detector}",
      collaboration  = "ATLAS",
      journal        = "Phys.~Lett.",
      volume         = "B~784",
      year           = "2018",
      pages          = "345",
      doi            = "10.1016/j.physletb.2018.07.050",
      eprint         = "1806.00242",
      archivePrefix  = "arXiv",
      primaryClass   = "hep-ex",
      reportNumber   = "CERN-EP-2018-085",
      SLACcitation   = "%%CITATION = ARXIV:1806.00242;%%"
}

@article{HIG-13-030,
      author         = "Chatrchyan, Serguei and others",
      title          = "{Search for invisible decays of Higgs bosons in the
                        vector boson fusion and associated $\PZ\PHiggs$ production modes}",
      collaboration  = "CMS",
      journal        = "Eur.~Phys.~J.",
      volume         = "C~74",
      year           = "2014",
      pages          = "2980",
      doi            = "10.1140/epjc/s10052-014-2980-6",
      eprint         = "1404.1344",
      archivePrefix  = "arXiv",
      primaryClass   = "hep-ex",
      reportNumber   = "CMS-HIG-13-030, CERN-PH-EP-2014-051",
      SLACcitation   = "%%CITATION = ARXIV:1404.1344;%%"
}

@article{Aad:2015pla,
      author         = "Aad, Georges and others",
      title          = "{Constraints on new phenomena via Higgs boson couplings
                        and invisible decays with the ATLAS detector}",
      collaboration  = "ATLAS",
      journal        = "JHEP",
      volume         = "11",
      year           = "2015",
      pages          = "206",
      doi            = "10.1007/JHEP11(2015)206",
      eprint         = "1509.00672",
      archivePrefix  = "arXiv",
      primaryClass   = "hep-ex",
      reportNumber   = "CERN-PH-EP-2015-191",
      SLACcitation   = "%%CITATION = ARXIV:1509.00672;%%"
}

@article{HIG-14-018,
      author         = "Khachatryan, Vardan and others",
      title          = "{Constraints on the spin-parity and anomalous $\PHiggs\textrm{V}\textrm{V}$
                        couplings of the Higgs boson in proton collisions at $7$ and $8$~\TeV}",
      collaboration  = "CMS",
      journal        = "Phys.~Rev.",
      volume         = "D~92",
      year           = "2015",
      number         = "1",
      pages          = "012004",
      doi            = "10.1103/PhysRevD.92.012004",
      eprint         = "1411.3441",
      archivePrefix  = "arXiv",
      primaryClass   = "hep-ex",
      reportNumber   = "CMS-HIG-14-018, CERN-PH-EP-2014-265",
      SLACcitation   = "%%CITATION = ARXIV:1411.3441;%%"
}

@article{Aad:2015mxa,
      author         = "Aad, Georges and others",
      title          = "{Study of the spin and parity of the Higgs boson in
                        diboson decays with the ATLAS detector}",
      collaboration  = "ATLAS",
      journal        = "Eur.~Phys.~J.",
      volume         = "C~75",
      year           = "2015",
      number         = "10",
      pages          = "476",
      doi            = "10.1140/epjc/s10052-015-3685-1,
                        10.1140/epjc/s10052-016-3934-y",
      note           = "[Erratum: Eur.~Phys.~J.~C~76,~no.3,~152~(2016)]",
      eprint         = "1506.05669",
      archivePrefix  = "arXiv",
      primaryClass   = "hep-ex",
      reportNumber   = "CERN-PH-EP-2015-114",
      SLACcitation   = "%%CITATION = ARXIV:1506.05669;%%"
}

@article{Aad:2016nal,
      author         = "Aad, Georges and others",
      title          = "{Test of CP Invariance in vector-boson fusion production
                        of the Higgs boson using the Optimal Observable method in
                        the ditau decay channel with the ATLAS detector}",
      collaboration  = "ATLAS",
      journal        = "Eur.~Phys.~J.",
      volume         = "C~76",
      year           = "2016",
      number         = "12",
      pages          = "658",
      doi            = "10.1140/epjc/s10052-016-4499-5",
      eprint         = "1602.04516",
      archivePrefix  = "arXiv",
      primaryClass   = "hep-ex",
      reportNumber   = "CERN-EP-2016-002",
      SLACcitation   = "%%CITATION = ARXIV:1602.04516;%%"
}

@article{HIG-14-032,
      author         = "Khachatryan, Vardan and others",
      title          = "{Search for Higgs boson off-shell production in
                        proton-proton collisions at $7$ and $8$~\TeV and derivation of
                        constraints on its total decay width}",
      collaboration  = "CMS",
      journal        = "JHEP",
      volume         = "09",
      year           = "2016",
      pages          = "051",
      doi            = "10.1007/JHEP09(2016)051",
      eprint         = "1605.02329",
      archivePrefix  = "arXiv",
      primaryClass   = "hep-ex",
      reportNumber   = "CMS-HIG-14-032, CERN-EP-2016-054",
      SLACcitation   = "%%CITATION = ARXIV:1605.02329;%%"
}
%%%%%%%%%%%%%%%%%%%%%%%%%%%%%%%%%%%%%%%%%%%%%%%%%%%%%%%%%%%%%%%%%%%%%%%%%%%%%%%%%

%%%%%%%%%%%%%%%%%%%%%%%%%%%%%%%%%%%%%%%%%%%%%%%%%%%%%%%%%%%%%%%%%%%%%%%%%%%%%%%%%
%
% ATLAS and CMS papers on ttH production
%
@article{Aaboud:2018urx,
      author         = "Aaboud, M. and others",
      title          = "{Observation of Higgs boson production in association
                        with a top quark pair at the LHC with the ATLAS detector}",
      collaboration  = "ATLAS",
      journal        = "Phys.~Lett.",
      volume         = "B~784",
      year           = "2018",
      pages          = "173",
      doi            = "10.1016/j.physletb.2018.07.035",
      eprint         = "1806.00425",
      archivePrefix  = "arXiv",
      primaryClass   = "hep-ex",
      reportNumber   = "CERN-EP-2018-138",
      SLACcitation   = "%%CITATION = ARXIV:1806.00425;%%"
}

@article{HIG-17-035,
      author         = "Sirunyan, A.~M. and others",
      title          = "{Observation of $\Ptop\APtop\PHiggs$ production}",
      collaboration  = "CMS",
      journal        = "Phys.~Rev.~Lett.",
      volume         = "120",
      year           = "2018",
      number         = "23",
      pages          = "231801",
      doi            = "10.1103/PhysRevLett.120.231801",
      eprint         = "1804.02610",
      archivePrefix  = "arXiv",
      primaryClass   = "hep-ex",
      reportNumber   = "CMS-HIG-17-035, CERN-EP-2018-064",
      SLACcitation   = "%%CITATION = ARXIV:1804.02610;%%"
}
%%%%%%%%%%%%%%%%%%%%%%%%%%%%%%%%%%%%%%%%%%%%%%%%%%%%%%%%%%%%%%%%%%%%%%%%%%%%%%%%%

%%%%%%%%%%%%%%%%%%%%%%%%%%%%%%%%%%%%%%%%%%%%%%%%%%%%%%%%%%%%%%%%%%%%%%%%%%%%%%%%%
%
% Theory papers on HH and HHH production
%
@article{Plehn:2005nk,
      author         = "Plehn, Tilman and Rauch, Michael",
      title          = "{The quartic Higgs coupling at hadron colliders}",
      journal        = "Phys.~Rev.",
      volume         = "D~72",
      year           = "2005",
      pages          = "053008",
      doi            = "10.1103/PhysRevD.72.053008",
      eprint         = "hep-ph/0507321",
      archivePrefix  = "arXiv",
      primaryClass   = "hep-ph",
      reportNumber   = "MPP-2005-80",
      SLACcitation   = "%%CITATION = HEP-PH/0507321;%%"
}

@article{Binoth:2006ym,
      author         = "Binoth, T. and Karg, S. and Kauer, N. and {R\"{u}ckl}, R.",
      title          = "{Multi-Higgs boson production in the Standard Model and beyond}",
      journal        = "Phys.~Rev.",
      volume         = "D~74",
      year           = "2006",
      pages          = "113008",
      doi            = "10.1103/PhysRevD.74.113008",
      eprint         = "hep-ph/0608057",
      archivePrefix  = "arXiv",
      primaryClass   = "hep-ph",
      reportNumber   = "EDINBURGH-2006-15",
      SLACcitation   = "%%CITATION = HEP-PH/0608057;%%"
}
%%%%%%%%%%%%%%%%%%%%%%%%%%%%%%%%%%%%%%%%%%%%%%%%%%%%%%%%%%%%%%%%%%%%%%%%%%%%%%%%%

%%%%%%%%%%%%%%%%%%%%%%%%%%%%%%%%%%%%%%%%%%%%%%%%%%%%%%%%%%%%%%%%%%%%%%%%%%%%%%%%%
%
% ATLAS and CMS papers on HH production
%
@article{HIG-13-032,
      author         = "Khachatryan, Vardan and others",
      title          = "{Search for two Higgs bosons in final states containing
                        two photons and two bottom quarks in proton-proton
                        collisions at $8$~\TeV}",
      collaboration  = "CMS",
      journal        = "Phys.~Rev.",
      volume         = "D~94",
      year           = "2016",
      number         = "5",
      pages          = "052012",
      doi            = "10.1103/PhysRevD.94.052012",
      eprint         = "1603.06896",
      archivePrefix  = "arXiv",
      primaryClass   = "hep-ex",
      reportNumber   = "CMS-HIG-13-032, CERN-EP-2016-050",
      SLACcitation   = "%%CITATION = ARXIV:1603.06896;%%"
}

@article{HIG-14-013,
      author         = "Khachatryan, Vardan and others",
      title          = "{Search for resonant pair production of Higgs bosons
                        decaying to two bottom quark–antiquark pairs in
                        proton–proton collisions at $8$~\TeV}",
      collaboration  = "CMS",
      journal        = "Phys.~Lett.",
      volume         = "B~749",
      year           = "2015",
      pages          = "560",
      doi            = "10.1016/j.physletb.2015.08.047",
      eprint         = "1503.04114",
      archivePrefix  = "arXiv",
      primaryClass   = "hep-ex",
      reportNumber   = "CMS-HIG-14-013, CERN-PH-EP-2015-042",
      SLACcitation   = "%%CITATION = ARXIV:1503.04114;%%"
}

@article{HIG-15-013,
      author         = "Sirunyan, A.~M. and others",
      title          = "{Search for Higgs boson pair production in the
                        $\Pbottom\Pbottom\Pgt\Pgt$ final state in proton-proton collisions at
                        $\sqrt{s}=8$~\TeV}",
      collaboration  = "CMS",
      journal        = "Phys.~Rev.",
      volume         = "D~96",
      year           = "2017",
      number         = "7",
      pages          = "072004",
      doi            = "10.1103/PhysRevD.96.072004",
      eprint         = "1707.00350",
      archivePrefix  = "arXiv",
      primaryClass   = "hep-ex",
      reportNumber   = "CMS-HIG-15-013, CERN-EP-2017-104",
      SLACcitation   = "%%CITATION = ARXIV:1707.00350;%%"
}

@article{HIG-17-006,
      author         = "Sirunyan, A.~M. and others",
      title          = "{Search for resonant and nonresonant Higgs boson pair
                        production in the $\Pbottom\APbottom\Plepton\Pnu\Plepton\Pnu$
                        final state in proton-proton collisions at $\sqrt{s}=13$~\TeV}",
      collaboration  = "CMS",
      journal        = "JHEP",
      volume         = "01",
      year           = "2018",
      pages          = "054",
      doi            = "10.1007/JHEP01(2018)054",
      eprint         = "1708.04188",
      archivePrefix  = "arXiv",
      primaryClass   = "hep-ex",
      reportNumber   = "CMS-HIG-17-006, CERN-EP-2017-168",
      SLACcitation   = "%%CITATION = ARXIV:1708.04188;%%"
}

@article{HIG-17-030,
      author         = "Sirunyan, A.~M. and others",
      title          = "{Combination of searches for Higgs boson pair production
                        in proton-proton collisions at $\sqrt{s} = 13$~\TeV}",
      collaboration  = "CMS",
      journal        = "Submitted to: Phys.~Rev.~Lett.",
      year           = "2018",
      eprint         = "1811.09689",
      archivePrefix  = "arXiv",
      primaryClass   = "hep-ex",
      reportNumber   = "CMS-HIG-17-030, CERN-EP-2018-292",
      SLACcitation   = "%%CITATION = ARXIV:1811.09689;%%"
}

@article{Aad:2015xja,
      author         = "Aad, Georges and others",
      title          = "{Searches for Higgs boson pair production in the $\PHiggs\PHiggs \to
                        \Pbottom\Pbottom\Pgt\Pgt, \Pgamma\Pgamma\PW\PW^{*}, \Pgamma\Pgamma\Pbottom\Pbottom, \Pbottom\Pbottom\Pbottom\Pbottom$
                        channels with the ATLAS detector}",
      collaboration  = "ATLAS",
      journal        = "Phys.~Rev.",
      volume         = "D~92",
      year           = "2015",
      pages          = "092004",
      doi            = "10.1103/PhysRevD.92.092004",
      eprint         = "1509.04670",
      archivePrefix  = "arXiv",
      primaryClass   = "hep-ex",
      reportNumber   = "CERN-PH-EP-2015-225",
      SLACcitation   = "%%CITATION = ARXIV:1509.04670;%%"
}

@article{Aaboud:2018knk,
      author         = "Aaboud, Morad and others",
      title          = "{Search for pair production of Higgs bosons in the
                        $\Pbottom\APbottom\Pbottom\APbottom$ final state using proton-proton
                        collisions at $\sqrt{s} = 13$~\TeV with the ATLAS
                        detector}",
      collaboration  = "ATLAS",
      journal        = "JHEP",
      volume         = "01",
      year           = "2019",
      pages          = "030",
      doi            = "10.1007/JHEP01(2019)030",
      eprint         = "1804.06174",
      archivePrefix  = "arXiv",
      primaryClass   = "hep-ex",
      reportNumber   = "CERN-EP-2018-029",
      SLACcitation   = "%%CITATION = ARXIV:1804.06174;%%"
}

@article{Aaboud:2018ftw,
      author         = "Aaboud, M. and others",
      title          = "{Search for Higgs boson pair production in the
                        $\Pgamma\Pgamma\Pbottom\APbottom$ final state with 13 TeV $\Pp\Pp$
                        collision data collected by the ATLAS experiment}",
      collaboration  = "ATLAS",
      journal        = "JHEP",
      volume         = "11",
      year           = "2018",
      pages          = "040",
      doi            = "10.1007/JHEP11(2018)040",
      eprint         = "1807.04873",
      archivePrefix  = "arXiv",
      primaryClass   = "hep-ex",
      reportNumber   = "CERN-EP-2018-130",
      SLACcitation   = "%%CITATION = ARXIV:1807.04873;%%"
}

@article{Aaboud:2018sfw,
      author         = "Aaboud, Morad and others",
      title          = "{Search for resonant and non-resonant Higgs boson pair
                        production in the $\Pbottom\APbottom\Pgt^{+}\Pgt^{-}$ decay channel
                        in $\Pp\Pp$ collisions at $\sqrt{s}=13$ TeV with the ATLAS
                        detector}",
      collaboration  = "ATLAS",
      journal        = "Phys.~Rev.~Lett.",
      volume         = "121",
      year           = "2018",
      number         = "19",
      pages          = "191801",
      doi            = "10.1103/PhysRevLett.121.191801",
      eprint         = "1808.00336",
      archivePrefix  = "arXiv",
      primaryClass   = "hep-ex",
      reportNumber   = "CERN-EP-2018-164",
      SLACcitation   = "%%CITATION = ARXIV:1808.00336;%%"
}

@article{Aaboud:2018ewm,
      author         = "Aaboud, Morad and others",
      title          = "{Search for Higgs boson pair production in the
                        $\Pgamma\Pgamma\PW\PW^{*}$ channel using $\Pp\Pp$ collision data
                        recorded at $\sqrt{s} = 13$~\TeV with the ATLAS detector}",
      collaboration  = "ATLAS",
      journal        = "Eur.~Phys.~J.",
      volume         = "C~78",
      year           = "2018",
      number         = "12",
      pages          = "1007",
      doi            = "10.1140/epjc/s10052-018-6457-x",
      eprint         = "1807.08567",
      archivePrefix  = "arXiv",
      primaryClass   = "hep-ex",
      reportNumber   = "CERN-EP-2018-104",
      SLACcitation   = "%%CITATION = ARXIV:1807.08567;%%"
}

@article{Aaboud:2018zhh,
      author         = "Aaboud, Morad and others",
      title          = "{Search for Higgs boson pair production in the
                        $\Pbottom\APbottom\PW\PW^{*}$ decay mode at $\sqrt{s}=13$~\TeV with the
                        ATLAS detector}",
      collaboration  = "ATLAS",
      year           = "2018",
      eprint         = "1811.04671",
      archivePrefix  = "arXiv",
      primaryClass   = "hep-ex",
      reportNumber   = "CERN-EP-2018-237",
      SLACcitation   = "%%CITATION = ARXIV:1811.04671;%%"
}

@article{Aaboud:2018ksn,
      author         = "Aaboud, Morad and others",
      title          = "{Search for Higgs boson pair production in the
                        $\PW\PW^{*}\PW\PW^{*}$ decay channel using ATLAS data recorded
                        at $\sqrt{s}=13$~\TeV}",
      collaboration  = "ATLAS",
      journal        = "Submitted to: JHEP",
      year           = "2018",
      eprint         = "1811.11028",
      archivePrefix  = "arXiv",
      primaryClass   = "hep-ex",
      reportNumber   = "CERN-EP-2018-227",
      SLACcitation   = "%%CITATION = ARXIV:1811.11028;%%"
}
%%%%%%%%%%%%%%%%%%%%%%%%%%%%%%%%%%%%%%%%%%%%%%%%%%%%%%%%%%%%%%%%%%%%%%%%%%%%%%%%%

%%%%%%%%%%%%%%%%%%%%%%%%%%%%%%%%%%%%%%%%%%%%%%%%%%%%%%%%%%%%%%%%%%%%%%%%%%%%%%%%%
%
% Papers on matrix element method
%
@article{Kondo:1988yd,
      author         = "Kondo, K.",
      title          = "{Dynamical likelihood method for reconstruction of events
                        with missing momentum. 1: method and toy models}",
      journal        = "J.~Phys.~Soc.~Jap.",
      volume         = "57",
      year           = "1988",
      pages          = "4126",
      doi            = "10.1143/JPSJ.57.4126",
      SLACcitation   = "%%CITATION = JUPSA,57,4126;%%"
}

@article{Kondo:1991dw,
      author         = "Kondo, K.",
      title          = "{Dynamical likelihood method for reconstruction of events
                        with missing momentum. 2: mass spectra for $2 \to 2$
                        processes}",
      journal        = "J.~Phys.~Soc.~Jap.",
      volume         = "60",
      year           = "1991",
      pages          = "836",
      doi            = "10.1143/JPSJ.60.836",
      SLACcitation   = "%%CITATION = JUPSA,60,836;%%"
}
%%%%%%%%%%%%%%%%%%%%%%%%%%%%%%%%%%%%%%%%%%%%%%%%%%%%%%%%%%%%%%%%%%%%%%%%%%%%%%%%%

%%%%%%%%%%%%%%%%%%%%%%%%%%%%%%%%%%%%%%%%%%%%%%%%%%%%%%%%%%%%%%%%%%%%%%%%%%%%%%%%%
%
% Tools for automatized generation of marix elements
%
@article{CompHEP1,
      author         = "Pukhov, A. and Boos, E. and Dubinin, M. and Edneral, V.
                        and Ilyin, V. and Kovalenko, D. and Kryukov, A. and
                        Savrin, V. and Shichanin, S. and Semenov, A.",
      title          = "{CompHEP: a package for evaluation of Feynman diagrams
                        and integration over multiparticle phase space. }",
      year           = "1999",
      eprint         = "hep-ph/9908288",
      archivePrefix  = "arXiv",
      primaryClass   = "hep-ph",
      reportNumber   = "INP-MSU-98-41-542",
      SLACcitation   = "%%CITATION = HEP-PH/9908288;%%"
}

@article{CompHEP2,
      author         = "Boos, E. and Bunichev, V. and Dubinin, M. and Dudko, L.
                        and Ilyin, V. and Kryukov, A. and Edneral, V. and Savrin,
                        V. and Semenov, A. and Sherstnev, A.",
      title          = "{CompHEP 4.4: automatic computations from Lagrangians to
                        events}",
      booktitle      = "{Proceedings, 9th International Workshop on Advanced Computing and Analysis Techniques in Physics Research (ACAT'03): Tsukuba, Japan, December 1-5, 2003}",
      collaboration  = "CompHEP",
      journal        = "Nucl.~Instrum.~Meth.",
      volume         = "A~534",
      year           = "2004",
      pages          = "250",
      doi            = "10.1016/j.nima.2004.07.096",
      eprint         = "hep-ph/0403113",
      archivePrefix  = "arXiv",
      primaryClass   = "hep-ph",
      SLACcitation   = "%%CITATION = HEP-PH/0403113;%%"
}

@article{MadGraph,
      author         = "Alwall, J. and Frederix, R. and Frixione, S. and Hirschi, V. and Maltoni, F. and Mattelaer, O. and Shao, H.-S. and Stelzer, T. and
                             Torrielli, P. and Zaro, M.",
      title          = "The automated computation of tree-level and next-to-leading order differential cross sections, and 
                            their matching to parton shower simulations",
      journal        = "JHEP",
      volume         = "07",
      pages          = "079",
      year           = "2014",
      doi            = "10.1007/JHEP07(2014)079",
      eprint         = "1405.0301",
      archivePrefix  = "arXiv",
      primaryClass   = "hep-ph",
} 
%%%%%%%%%%%%%%%%%%%%%%%%%%%%%%%%%%%%%%%%%%%%%%%%%%%%%%%%%%%%%%%%%%%%%%%%%%%%%%%%%

%%%%%%%%%%%%%%%%%%%%%%%%%%%%%%%%%%%%%%%%%%%%%%%%%%%%%%%%%%%%%%%%%%%%%%%%%%%%%%%%%
%
% Bjorken scaling variable x
%
@article{Bjorkenx,
      author         = "Bjorken, J.~D.",
      title          = "{Asymptotic sum rules at infinite momentum}",
      journal        = "Phys.~Rev.",
      volume         = "179",
      year           = "1969",
      pages          = "1547",
      doi            = "10.1103/PhysRev.179.1547",
      reportNumber   = "SLAC-PUB-0510",
      SLACcitation   = "%%CITATION = PHRVA,179,1547;%%"
}
%%%%%%%%%%%%%%%%%%%%%%%%%%%%%%%%%%%%%%%%%%%%%%%%%%%%%%%%%%%%%%%%%%%%%%%%%%%%%%%%%

%%%%%%%%%%%%%%%%%%%%%%%%%%%%%%%%%%%%%%%%%%%%%%%%%%%%%%%%%%%%%%%%%%%%%%%%%%%%%%%%%
%
% Transfer functions
%
@article{Fiedler:2010sg,
      author         = "Fiedler, Frank and Grohsjean, Alexander and Haefner,
                        Petra and Schieferdecker, Philipp",
      title          = "{The matrix element method and its application in
                        measurements of the top quark mass}",
      journal        = "Nucl.~Instrum.~Meth.",
      volume         = "A~624",
      year           = "2010",
      pages          = "203",
      doi            = "10.1016/j.nima.2010.09.024",
      eprint         = "1003.1316",
      archivePrefix  = "arXiv",
      primaryClass   = "hep-ex",
      SLACcitation   = "%%CITATION = ARXIV:1003.1316;%%"
}

@article{Volobouev:2011vb,
      author         = "Volobouev, Igor",
      title          = "{Matrix element method in HEP: transfer functions,
                        efficiencies, and likelihood normalization}",
      year           = "2011",
      eprint         = "1101.2259",
      archivePrefix  = "arXiv",
      primaryClass   = "physics.data-an",
      SLACcitation   = "%%CITATION = ARXIV:1101.2259;%%"
}
%%%%%%%%%%%%%%%%%%%%%%%%%%%%%%%%%%%%%%%%%%%%%%%%%%%%%%%%%%%%%%%%%%%%%%%%%%%%%%%%%

%%%%%%%%%%%%%%%%%%%%%%%%%%%%%%%%%%%%%%%%%%%%%%%%%%%%%%%%%%%%%%%%%%%%%%%%%%%%%%%%%
%
% Narrow-Width Approximation (NWA)
%
@article{NWA,
      author         = "Berdine, D. and Kauer, N. and Rainwater, D.",
      title          = "{Breakdown of the narrow width approximation for new
                        physics}",
      journal        = "Phys.~Rev.~Lett.",
      volume         = "99",
      year           = "2007",
      pages          = "111601",
      doi            = "10.1103/PhysRevLett.99.111601",
      eprint         = "hep-ph/0703058",
      archivePrefix  = "arXiv",
      primaryClass   = "hep-ph",
      SLACcitation   = "%%CITATION = HEP-PH/0703058;%%"
}
%%%%%%%%%%%%%%%%%%%%%%%%%%%%%%%%%%%%%%%%%%%%%%%%%%%%%%%%%%%%%%%%%%%%%%%%%%%%%%%%%

%%%%%%%%%%%%%%%%%%%%%%%%%%%%%%%%%%%%%%%%%%%%%%%%%%%%%%%%%%%%%%%%%%%%%%%%%%%%%%%%%
%
% Treatment of hadronic recoil in matrix element method
%
@article{Alwall:2010cq,
      author         = "Alwall, J. and Freitas, A. and Mattelaer, O.",
      title          = "{The matrix element method and QCD radiation}",
      journal        = "Phys.~Rev.",
      volume         = "D~83",
      year           = "2011",
      pages          = "074010",
      doi            = "10.1103/PhysRevD.83.074010",
      eprint         = "1010.2263",
      archivePrefix  = "arXiv",
      primaryClass   = "hep-ph",
      reportNumber   = "CP3-10-35",
      SLACcitation   = "%%CITATION = ARXIV:1010.2263;%%"
}
%%%%%%%%%%%%%%%%%%%%%%%%%%%%%%%%%%%%%%%%%%%%%%%%%%%%%%%%%%%%%%%%%%%%%%%%%%%%%%%%%

%%%%%%%%%%%%%%%%%%%%%%%%%%%%%%%%%%%%%%%%%%%%%%%%%%%%%%%%%%%%%%%%%%%%%%%%%%%%%%%%%
%
% Particle masses and widths
%
@article{PDG,
      author         = "Tanabashi, M. and others",
      title          = "{Review of particle physics}",
      collaboration  = "Particle Data Group",
      journal        = "Phys.~Rev.",
      volume         = "D~98",
      year           = "2018",
      number         = "3",
      pages          = "030001",
      doi            = "10.1103/PhysRevD.98.030001",
      SLACcitation   = "%%CITATION = PHRVA,D98,030001;%%"
}
%%%%%%%%%%%%%%%%%%%%%%%%%%%%%%%%%%%%%%%%%%%%%%%%%%%%%%%%%%%%%%%%%%%%%%%%%%%%%%%%%

%%%%%%%%%%%%%%%%%%%%%%%%%%%%%%%%%%%%%%%%%%%%%%%%%%%%%%%%%%%%%%%%%%%%%%%%%%%%%%%%%
% 
% Numeric integration
%
@article{VAMP,
      author         = "Ohl, Thorsten",
      title          = "{Vegas revisited: adaptive Monte Carlo integration beyond factorization}",
      journal        = "Comput.~Phys.~Commun.",
      volume         = "120",
      year           = "1999",
      pages          = "13",
      doi            = "10.1016/S0010-4655(99)00209-X",
      eprint         = "hep-ph/9806432",
      archivePrefix  = "arXiv",
      primaryClass   = "hep-ph",
      reportNumber   = "IKDA-98-15",
      SLACcitation   = "%%CITATION = HEP-PH/9806432;%%"
}

@article{VEGAS,
      author         = "Lepage, G.~P.",
      title          = "{A new algorithm for adaptive multidimensional integration}",
      journal        = "J.~Comput.~Phys.",
      volume         = "27",
      year           = "1978",
      pages          = "192",
      doi            = "10.1016/0021-9991(78)90004-9",
      reportNumber   = "SLAC-PUB-1839-REV, SLAC-PUB-1839",
      SLACcitation   = "%%CITATION = JCTPA,27,192;%%"
}

@article{CUBA,
      author         = "Hahn, T.",
      title          = "{CUBA: a library for multidimensional numerical
                        integration}",
      journal        = "Comput.~Phys.~Commun.",
      volume         = "168",
      year           = "2005",
      pages          = "78",
      doi            = "10.1016/j.cpc.2005.01.010",
      eprint         = "hep-ph/0404043",
      archivePrefix  = "arXiv",
      primaryClass   = "hep-ph",
      reportNumber   = "MPP-2004-40",
      SLACcitation   = "%%CITATION = HEP-PH/0404043;%%"
}
%%%%%%%%%%%%%%%%%%%%%%%%%%%%%%%%%%%%%%%%%%%%%%%%%%%%%%%%%%%%%%%%%%%%%%%%%%%%%%%%%

%%%%%%%%%%%%%%%%%%%%%%%%%%%%%%%%%%%%%%%%%%%%%%%%%%%%%%%%%%%%%%%%%%%%%%%%%%%%%%%%%
% 
% Papers on matrix element method and numeric integration using graphics processing units (GPUs)
%
@article{Hagiwara:2009aq,
      author         = "Hagiwara, K. and Kanzaki, J. and Okamura, N. and
                        Rainwater, D. and Stelzer, T.",
      title          = "{Fast calculation of HELAS amplitudes using graphics
                        processing unit (GPU)}",
      journal        = "Eur.~Phys.~J.",
      volume         = "C~66",
      year           = "2010",
      pages          = "477",
      doi            = "10.1140/epjc/s10052-010-1276-8",
      eprint         = "0908.4403",
      archivePrefix  = "arXiv",
      primaryClass   = "physics.comp-ph",
      SLACcitation   = "%%CITATION = ARXIV:0908.4403;%%"
}

@article{Hagiwara:2009cy,
      author         = "Hagiwara, K. and Kanzaki, J. and Okamura, N. and
                        Rainwater, D. and Stelzer, T.",
      title          = "{Calculation of HELAS amplitudes for QCD processes using
                        graphics processing unit (GPU)}",
      journal        = "Eur.~Phys.~J.",
      volume         = "C~70",
      year           = "2010",
      pages          = "513",
      doi            = "10.1140/epjc/s10052-010-1465-5",
      eprint         = "0909.5257",
      archivePrefix  = "arXiv",
      primaryClass   = "hep-ph",
      SLACcitation   = "%%CITATION = ARXIV:0909.5257;%%"
}

@article{Kanzaki:2010ym,
      author         = "Kanzaki, J.",
      title          = "{Monte Carlo integration on GPU}",
      journal        = "Eur.~Phys.~J.",
      volume         = "C~71",
      year           = "2011",
      pages          = "1559",
      doi            = "10.1140/epjc/s10052-011-1559-8",
      eprint         = "1010.2107",
      archivePrefix  = "arXiv",
      primaryClass   = "physics.comp-ph",
      SLACcitation   = "%%CITATION = ARXIV:1010.2107;%%"
}

@article{Hagiwara:2013oka,
      author         = "Hagiwara, K. and Kanzaki, J. and Li, Q. and Okamura, N.
                        and Stelzer, T.",
      title          = "{Fast computation of MadGraph amplitudes on graphics
                        processing unit (GPU)}",
      journal        = "Eur.~Phys.~J.",
      volume         = "C~73",
      year           = "2013",
      pages          = "2608",
      doi            = "10.1140/epjc/s10052-013-2608-2",
      eprint         = "1305.0708",
      archivePrefix  = "arXiv",
      primaryClass   = "physics.comp-ph",
      SLACcitation   = "%%CITATION = ARXIV:1305.0708;%%"
}

@article{Schouten:2014yza,
      author         = "Schouten, Doug and DeAbreu, Adam and Stelzer, Bernd",
      title          = "{Accelerated matrix element method with parallel
                        computing}",
      journal        = "Comput.~Phys.~Commun.",
      volume         = "192",
      year           = "2015",
      pages          = "54",
      doi            = "10.1016/j.cpc.2015.02.020",
      eprint         = "1407.7595",
      archivePrefix  = "arXiv",
      primaryClass   = "physics.comp-ph",
      SLACcitation   = "%%CITATION = ARXIV:1407.7595;%%"
}

@inproceedings{Grasseau:2015vfa,
      author         = "Grasseau, Gilles and Lisniak, Stanislav and Chamont,
                        David",
      title          = "{Hybrid implementation of the VEGAS Monte Carlo
                        algorithm}",
      booktitle      = "{Proceedings, GPU Computing in High Energy Physics
                        (GPUHEP2014): Pisa, Italy, September 10-12, 2014}",
      year           = "2015",
      pages          = "103",
      doi            = "10.3204/DESY-PROC-2014-05/19",
      SLACcitation   = "%%CITATION = INSPIRE-1386627;%%"
}
%%%%%%%%%%%%%%%%%%%%%%%%%%%%%%%%%%%%%%%%%%%%%%%%%%%%%%%%%%%%%%%%%%%%%%%%%%%%%%%%%

%%%%%%%%%%%%%%%%%%%%%%%%%%%%%%%%%%%%%%%%%%%%%%%%%%%%%%%%%%%%%%%%%%%%%%%%%%%%%%%%%
% 
% Monte Carlo generators
%
@article{pythia6_4,
      author         = "{Sj\"{o}strand}, T. and Mrenna, S. and Skands, P.~Z.",
      title          = "{PYTHIA 6.4 physics and manual}",
      journal        = "JHEP",
      volume         = "05",
      year           = "2006",
      pages          = "026",
      doi            = "10.1088/1126-6708/2006/05/026",
      eprint         = "hep-ph/0603175",
      archivePrefix  = "arXiv",
      primaryClass   = "hep-ph",
      reportNumber   = "FERMILAB-PUB-06-052-CD-T, LU-TP-06-13",
      SLACcitation   = "%%CITATION = HEP-PH/0603175;%%"
}

@article{pythia8,
      author         = "Sjostrand, T. and Mrenna, S. and Skands, P.~Z.",
      title          = "{A brief introduction to PYTHIA 8.1}",
      journal        = "Comput.~Phys.~Commun.",
      volume         = "178",
      year           = "2008",
      pages          = "852",
      doi            = "10.1016/j.cpc.2008.01.036",
      eprint         = "0710.3820",
      archivePrefix  = "arXiv",
      primaryClass   = "hep-ph",
      reportNumber   = "CERN-LCGAPP-2007-04, LU-TP-07-28,
                        FERMILAB-PUB-07-512-CD-T",
      SLACcitation   = "%%CITATION = ARXIV:0710.3820;%%"
}

@article{POWHEG1,
      author         = "Nason, Paolo",
      title          = "{A new method for combining NLO QCD with shower Monte
                        Carlo algorithms}",
      journal        = "JHEP",
      volume         = "11",
      year           = "2004",
      pages          = "040",
      doi            = "10.1088/1126-6708/2004/11/040",
      eprint         = "hep-ph/0409146",
      archivePrefix  = "arXiv",
      primaryClass   = "hep-ph",
      reportNumber   = "BICOCCA-FT-04-11",
      SLACcitation   = "%%CITATION = HEP-PH/0409146;%%"
}

@article{POWHEG2,
      author         = "Frixione, Stefano and Nason, Paolo and Oleari, Carlo",
      title          = "{Matching NLO QCD computations with parton shower
                        simulations: the POWHEG method}",
      journal        = "JHEP",
      volume         = "11",
      year           = "2007",
      pages          = "070",
      doi            = "10.1088/1126-6708/2007/11/070",
      eprint         = "0709.2092",
      archivePrefix  = "arXiv",
      primaryClass   = "hep-ph",
      reportNumber   = "BICOCCA-FT-07-9, GEF-TH-21-2007",
      SLACcitation   = "%%CITATION = ARXIV:0709.2092;%%"
}

@article{POWHEG3,
      author         = "Alioli, Simone and Nason, Paolo and Oleari, Carlo and Re,
                        Emanuele",
      title          = "{A general framework for implementing NLO calculations in
                        shower Monte Carlo programs: the POWHEG BOX}",
      journal        = "JHEP",
      volume         = "06",
      year           = "2010",
      pages          = "043",
      doi            = "10.1007/JHEP06(2010)043",
      eprint         = "1002.2581",
      archivePrefix  = "arXiv",
      primaryClass   = "hep-ph",
      reportNumber   = "DESY-10-018, SFB-CPP-10-22, IPPP-10-11, DCPT-10-22",
      SLACcitation   = "%%CITATION = ARXIV:1002.2581;%%"
}

@article{MadGraph_aMCatNLO,
      author         = "Alwall, J. and Frederix, R. and Frixione, S. and Hirschi,
                        V. and Maltoni, F. and Mattelaer, O. and Shao, H.~S. and
                        Stelzer, T. and Torrielli, P. and Zaro, M.",
      title          = "{The automated computation of tree-level and
                        next-to-leading order differential cross sections, and
                        their matching to parton shower simulations}",
      journal        = "JHEP",
      volume         = "07",
      year           = "2014",
      pages          = "079",
      doi            = "10.1007/JHEP07(2014)079",
      eprint         = "1405.0301",
      archivePrefix  = "arXiv",
      primaryClass   = "hep-ph",
      reportNumber   = "CERN-PH-TH-2014-064, CP3-14-18, LPN14-066, MCNET-14-09,
                        ZU-TH-14-14",
      SLACcitation   = "%%CITATION = ARXIV:1405.0301;%%"
}

@article{CTEQ6,
      author         = "Pumplin, J. and Stump, D.~R. and Huston, J. and Lai, H.~L. and Nadolsky, P.~M. and Tung, W.~K.",
      title          = "{New generation of parton distributions with
                        uncertainties from global QCD analysis}",
      journal        = "JHEP",
      volume         = "07",
      year           = "2002",
      pages          = "012",
      doi            = "10.1088/1126-6708/2002/07/012",
      eprint         = "hep-ph/0201195",
      archivePrefix  = "arXiv",
      primaryClass   = "hep-ph",
      reportNumber   = "MSU-HEP-011101",
      SLACcitation   = "%%CITATION = HEP-PH/0201195;%%"
}

@article{MSTW,
      author         = "Martin, A.~D. and Stirling, W.~J. and Thorne, R.~S. and
                        Watt, G.",
      title          = "{Parton distributions for the LHC}",
      journal        = "Eur.~Phys.~J.",
      volume         = "C~63",
      year           = "2009",
      pages          = "189",
      doi            = "10.1140/epjc/s10052-009-1072-5",
      eprint         = "0901.0002",
      archivePrefix  = "arXiv",
      primaryClass   = "hep-ph",
      reportNumber   = "IPPP-08-95, DCPT-08-190, CAVENDISH-HEP-08-16",
      SLACcitation   = "%%CITATION = ARXIV:0901.0002;%%"
}

@article{NNPDF1,
      author         = "Ball, R.~D. and Bertone, V. and Carrazza,
                        S. and Del Debbio, L. and Forte, S. and
                        Guffanti, A. and Hartland, N.~P. and Rojo, J.",
      title          = "{Parton distributions with QED corrections}",
      collaboration  = "NNPDF",
      journal        = "Nucl.~Phys.",
      volume         = "B~877",
      year           = "2013",
      pages          = "290",
      doi            = "10.1016/j.nuclphysb.2013.10.010",
      eprint         = "1308.0598",
      archivePrefix  = "arXiv",
      primaryClass   = "hep-ph",
      reportNumber   = "EDINBURGH-2013-20, IFUM-1014-FT, FR-PHENO-2013-008,
                        CERN-PH-TH-2013-075",
      SLACcitation   = "%%CITATION = ARXIV:1308.0598;%%"
}

@article{NNPDF2,
      author         = "Ball, R.~D. and Bertone, V. and Cerutti,
                        F. and Del Debbio, L. and Forte, S. and
                        Guffanti, A. and Latorre, J.~I. and Rojo, J. and
                        Ubiali, M.",
      title          = "{Unbiased global determination of parton distributions
                        and their uncertainties at NNLO and at LO}",
      collaboration  = "NNPDF",
      journal        = "Nucl.~Phys.",
      volume         = "B~855",
      year           = "2012",
      pages          = "153",
      doi            = "10.1016/j.nuclphysb.2011.09.024",
      eprint         = "1107.2652",
      archivePrefix  = "arXiv",
      primaryClass   = "hep-ph",
      reportNumber   = "EDINBURGH-2011-14, IFUM-979-FT, FR-PHENO-2011-010,
                        RWTH-TTK-11-24",
      SLACcitation   = "%%CITATION = ARXIV:1107.2652;%%"
}

@article{NNPDF3,
      author         = "Ball, R.~D. and others",
      title          = "{Parton distributions for the LHC Run II}",
      collaboration  = "NNPDF",
      journal        = "JHEP",
      volume         = "04",
      year           = "2015",
      pages          = "040",
      doi            = "10.1007/JHEP04(2015)040",
      eprint         = "1410.8849",
      archivePrefix  = "arXiv",
      primaryClass   = "hep-ph",
      reportNumber   = "EDINBURGH-2014-15, IFUM-1034-FT, CERN-PH-TH-2013-253,
                        OUTP-14-11P, CAVENDISH-HEP-14-11",
      SLACcitation   = "%%CITATION = ARXIV:1410.8849;%%"
}

@article{PYTHIA_CUETP8M1tune_CMS,
      author         = "Khachatryan, Vardan and others",
      title          = "{Event generator tunes obtained from underlying event and
                        multiparton scattering measurements. }",
      collaboration  = "CMS",
      year           = "2015",
      eprint         = "1512.00815",
      archivePrefix  = "arXiv",
      primaryClass   = "hep-ex",
      reportNumber   = "CMS-GEN-14-001, CERN-PH-EP-2015-291",
      SLACcitation   = "%%CITATION = ARXIV:1512.00815;%%"
}

@article{PYTHIA_CP5tune_CMS,
      AUTHOR      = "{CMS Collaboration}",
      COLLABORATION = "CMS",
      TITLE       = "{Extraction and validation of a new set of CMS PYTHIA8 tunes from underlying-event measurements}",
      URL         = "http://cds.cern.ch/record/2636284",
      TYPE        = "CMS Physics Analysis Summary",
      NUMBER      = "CMS-PAS-GEN-17-001",
      YEAR        = "2017"
}

@article{PYTHIA_MonashTune,
      author         = "Skands, Peter and Carrazza, Stefano and Rojo, Juan",
      title          = "{Tuning PYTHIA 8.1: the Monash 2013 tune}",
      journal        = "Eur.~Phys.~J.",
      volume         = "C~74",
      year           = "2014",
      number         = "8",
      pages          = "3024",
      doi            = "10.1140/epjc/s10052-014-3024-y",
      eprint         = "1404.5630",
      archivePrefix  = "arXiv",
      primaryClass   = "hep-ph",
      reportNumber   = "CERN-PH-TH-2014-069, MCNET-14-08, OUTP-14-05P",
      SLACcitation   = "%%CITATION = ARXIV:1404.5630;%%"
}

@inproceedings{PYTHIA_Z1tune_CMS,
      author         = "Field, Rick",
      title          = "{Early LHC underlying event data - findings and
                        surprises}",
      booktitle      = "{Proceedings, 21st Hadron Collider Physics Symposium (HCP2010): Toronto, Canada, August 23-27, 2010}",
      year           = "2010",
      eprint         = "1010.3558",
      archivePrefix  = "arXiv",
      primaryClass   = "hep-ph",
      SLACcitation   = "%%CITATION = ARXIV:1010.3558;%%"
}

@article{PYTHIA_Z2tune_CMS,
      author         = "Chatrchyan, Serguei and others",
      title          = "{Measurement of the underlying event activity at the LHC
                        with $\sqrt{s}= 7$~TeV and comparison with $\sqrt{s} =
                        0.9$~TeV}",
      collaboration  = "CMS",
      journal        = "JHEP",
      volume         = "09",
      year           = "2011",
      pages          = "109",
      doi            = "10.1007/JHEP09(2011)109",
      eprint         = "1107.0330",
      archivePrefix  = "arXiv",
      primaryClass   = "hep-ex",
      reportNumber   = "CERN-PH-EP-2011-059, CMS-QCD-10-010",
      SLACcitation   = "%%CITATION = ARXIV:1107.0330;%%"
}
%%%%%%%%%%%%%%%%%%%%%%%%%%%%%%%%%%%%%%%%%%%%%%%%%%%%%%%%%%%%%%%%%%%%%%%%%%%%%%%%%

%%%%%%%%%%%%%%%%%%%%%%%%%%%%%%%%%%%%%%%%%%%%%%%%%%%%%%%%%%%%%%%%%%%%%%%%%%%%%%%%%
%
% anti-kT jet reconstruction algorithm
%
@Article{AntiKT,
     author    = "Cacciari, M. and Salam, G.~P. and Soyez, G.",
     title     = "The anti-kt jet clustering algorithm",
     journal   = "JHEP",
     volume    = "04",
     year      = "2008",
     pages     = "063",
     eprint    = "0802.1189",
     archivePrefix = "arXiv",
     primaryClass  =  "hep-ph",
     SLACcitation  = "%%CITATION = 0802.1189;%%"
}
%%%%%%%%%%%%%%%%%%%%%%%%%%%%%%%%%%%%%%%%%%%%%%%%%%%%%%%%%%%%%%%%%%%%%%%%%%%%%%%%%

%%%%%%%%%%%%%%%%%%%%%%%%%%%%%%%%%%%%%%%%%%%%%%%%%%%%%%%%%%%%%%%%%%%%%%%%%%%%%%%%%
%
% Newman lemma
%
@article{Neyman:1937uhy,
      author         = "Neyman, J.",
      title          = "{Outline of a theory of statistical estimation based on
                        the classical theory of probability}",
      journal        = "Phil.~Trans.~Roy.~Soc.~Lond.",
      volume         = "A~236",
      year           = "1937",
      number         = "767",
      pages          = "333",
      doi            = "10.1098/rsta.1937.0005",
      SLACcitation   = "%%CITATION = PTRSA,A236,333;%%"
}
%%%%%%%%%%%%%%%%%%%%%%%%%%%%%%%%%%%%%%%%%%%%%%%%%%%%%%%%%%%%%%%%%%%%%%%%%%%%%%%%%

%%%%%%%%%%%%%%%%%%%%%%%%%%%%%%%%%%%%%%%%%%%%%%%%%%%%%%%%%%%%%%%%%%%%%%%%%%%%%%%%%
%
% Theory papers on models that predict resonant HH production
%
@article{Randall:1999ee,
      author         = "Randall, Lisa and Sundrum, Raman",
      title          = "{A large mass hierarchy from a small extra dimension}",
      journal        = "Phys.~Rev.~Lett.",
      volume         = "83",
      year           = "1999",
      pages          = "3370",
      doi            = "10.1103/PhysRevLett.83.3370",
      eprint         = "hep-ph/9905221",
      archivePrefix  = "arXiv",
      primaryClass   = "hep-ph",
      reportNumber   = "MIT-CTP-2860, PUPT-1860, BUHEP-99-9",
      SLACcitation   = "%%CITATION = HEP-PH/9905221;%%"
}

@article{Patt:2006fw,
      author         = "Patt, Brian and Wilczek, Frank",
      title          = "{Higgs-field portal into hidden sectors}",
      year           = "2006",
      eprint         = "hep-ph/0605188",
      archivePrefix  = "arXiv",
      primaryClass   = "hep-ph",
      reportNumber   = "MIT-CTP-3745",
      SLACcitation   = "%%CITATION = HEP-PH/0605188;%%"
}

@article{Contino:2010mh,
      author         = "Contino, Roberto and Grojean, Christophe and Moretti,
                        Mauro and Piccinini, Fulvio and Rattazzi, Riccardo",
      title          = "{Strong double Higgs production at the LHC}",
      journal        = "JHEP",
      volume         = "05",
      year           = "2010",
      pages          = "089",
      doi            = "10.1007/JHEP05(2010)089",
      eprint         = "1002.1011",
      archivePrefix  = "arXiv",
      primaryClass   = "hep-ph",
      reportNumber   = "CERN-PH-TH-2009-036",
      SLACcitation   = "%%CITATION = ARXIV:1002.1011;%%"
}

@article{Grober:2010yv,
      author         = "{Gr\"{o}ber}, R. and {M\"{u}hlleitner}, M.~M.",
      title          = "{Composite Higgs boson pair production at the LHC}",
      journal        = "JHEP",
      volume         = "06",
      year           = "2011",
      pages          = "020",
      doi            = "10.1007/JHEP06(2011)020",
      eprint         = "1012.1562",
      archivePrefix  = "arXiv",
      primaryClass   = "hep-ph",
      reportNumber   = "KA-TP-37-2010",
      SLACcitation   = "%%CITATION = ARXIV:1012.1562;%%"
}

@article{Branco:2011iw,
      author         = "Branco, G. C. and Ferreira, P. M. and Lavoura, L. and
                        Rebelo, M. N. and Sher, Marc and Silva, Joao P.",
      title          = "{Theory and phenomenology of two-Higgs-doublet models}",
      journal        = "Phys. Rept.",
      volume         = "516",
      year           = "2012",
      pages          = "1-102",
      doi            = "10.1016/j.physrep.2012.02.002",
      eprint         = "1106.0034",
      archivePrefix  = "arXiv",
      primaryClass   = "hep-ph",
      SLACcitation   = "%%CITATION = ARXIV:1106.0034;%%"
}

article{Englert:2011yb,
      author         = "Englert, C. and Plehn, T. and Zerwas, D. and Zerwas, P.~M.",
      title          = "{Exploring the Higgs portal}",
      journal        = "Phys.~Lett.",
      volume         = "B~703",
      year           = "2011",
      pages          = "298",
      doi            = "10.1016/j.physletb.2011.08.002",
      eprint         = "1106.3097",
      archivePrefix  = "arXiv",
      primaryClass   = "hep-ph",
      SLACcitation   = "%%CITATION = ARXIV:1106.3097;%%"
}

@article{No:2013wsa,
      author         = "No, J.~M. and Ramsey-Musolf, M.",
      title          = "{Probing the Higgs portal at the LHC through resonant
                        di-Higgs production}",
      journal        = "Phys.~Rev.",
      volume         = "D~89",
      year           = "2014",
      number         = "9",
      pages          = "095031",
      doi            = "10.1103/PhysRevD.89.095031",
      eprint         = "1310.6035",
      archivePrefix  = "arXiv",
      primaryClass   = "hep-ph",
      SLACcitation   = "%%CITATION = ARXIV:1310.6035;%%"
}
%%%%%%%%%%%%%%%%%%%%%%%%%%%%%%%%%%%%%%%%%%%%%%%%%%%%%%%%%%%%%%%%%%%%%%%%%%%%%%%%%

%%%%%%%%%%%%%%%%%%%%%%%%%%%%%%%%%%%%%%%%%%%%%%%%%%%%%%%%%%%%%%%%%%%%%%%%%%%%%%%%%
%
% Theory papers on effective field theory (EFT) approaches that are relevant for non-resonant HH production
%
@article{Dawson:2015oha,
      author         = "Dawson, S. and Ismail, A. and Low, Ian",
      title          = "{What's in the loop ? The anatomy of double Higgs production}",
      journal        = "Phys.~Rev.",
      volume         = "D~91",
      year           = "2015",
      number         = "11",
      pages          = "115008",
      doi            = "10.1103/PhysRevD.91.115008",
      eprint         = "1504.05596",
      archivePrefix  = "arXiv",
      primaryClass   = "hep-ph",
      SLACcitation   = "%%CITATION = ARXIV:1504.05596;%%"
}

@article{Carvalho:2015ttv,
      author         = "Carvalho, Alexandra and Dall'Osso, Martino and Dorigo,
                        Tommaso and Goertz, Florian and Gottardo, Carlo A. and
                        Tosi, Mia",
      title          = "{Higgs pair production: choosing benchmarks with cluster
                        analysis}",
      journal        = "JHEP",
      volume         = "04",
      year           = "2016",
      pages          = "126",
      doi            = "10.1007/JHEP04(2016)126",
      eprint         = "1507.02245",
      archivePrefix  = "arXiv",
      primaryClass   = "hep-ph",
      SLACcitation   = "%%CITATION = ARXIV:1507.02245;%%"
}

@article{Carvalho:2016rys,
      author         = "Carvalho, Alexandra and Dall'Osso, Martino and De Castro
                        Manzano, Pablo and Dorigo, Tommaso and Goertz, Florian and
                        Gouzevich, Maxime and Tosi, Mia",
      title          = "{Analytical parametrization and shape classification of
                        anomalous $\PHiggs\PHiggs$ production in the EFT approach}",
      year           = "2016",
      eprint         = "1608.06578",
      archivePrefix  = "arXiv",
      primaryClass   = "hep-ph",
      reportNumber   = "LHCHXSWG-2016-001",
      SLACcitation   = "%%CITATION = ARXIV:1608.06578;%%"
}
%%%%%%%%%%%%%%%%%%%%%%%%%%%%%%%%%%%%%%%%%%%%%%%%%%%%%%%%%%%%%%%%%%%%%%%%%%%%%%%%%

%%%%%%%%%%%%%%%%%%%%%%%%%%%%%%%%%%%%%%%%%%%%%%%%%%%%%%%%%%%%%%%%%%%%%%%%%%%%%%%%%
%
% Phenomenology papers on HH production in the channel HH->bbWW
%
@article{Dolan:2012rv,
      author         = "Dolan, M.~J. and Englert, C. and Spannowsky, M.",
      title          = "{Higgs self-coupling measurements at the LHC}",
      journal        = "JHEP",
      volume         = "10",
      year           = "2012",
      pages          = "112",
      doi            = "10.1007/JHEP10(2012)112",
      eprint         = "1206.5001",
      archivePrefix  = "arXiv",
      primaryClass   = "hep-ph",
      reportNumber   = "IPPP-12-43, DCPT-12-86",
      SLACcitation   = "%%CITATION = ARXIV:1206.5001;%%"
}

@article{Papaefstathiou:2012qe,
      author         = "Papaefstathiou, A. and Yang, L.~L. and Zurita, J.",
      title          = "{Higgs boson pair production at the LHC in the $\Pbottom\APbottom\PW^{+}\PW^{-}$ channel}",
      journal        = "Phys.~Rev.",
      volume         = "D~87",
      year           = "2013",
      number         = "1",
      pages          = "011301",
      doi            = "10.1103/PhysRevD.87.011301",
      eprint         = "1209.1489",
      archivePrefix  = "arXiv",
      primaryClass   = "hep-ph",
      SLACcitation   = "%%CITATION = ARXIV:1209.1489;%%"
}

@article{Baglio:2012np,
      author         = "Baglio, J. and Djouadi, A. and {Gr\"{o}ber}, R. and
                        {M\"{u}hlleitner}, M.~M. and Quevillon, J. and Spira, M.",
      title          = "{The measurement of the Higgs self coupling at the LHC:
                        theoretical status}",
      journal        = "JHEP",
      volume         = "04",
      year           = "2013",
      pages          = "151",
      doi            = "10.1007/JHEP04(2013)151",
      eprint         = "1212.5581",
      archivePrefix  = "arXiv",
      primaryClass   = "hep-ph",
      reportNumber   = "KA-TP-44-2012, SFB-CPP-12-102, LPT-ORSAY-12-124,
                        PSI-PR-12-10",
      SLACcitation   = "%%CITATION = ARXIV:1212.5581;%%"
}

@article{Martin-Lozano:2015dja,
      author         = "{Mart\'{i}n} Lozano, V. and Moreno, J.~M. and Park, C.~B.",
      title          = "{Resonant Higgs boson pair production in the 
                        $\PHiggs\PHiggs \to \Pbottom\APbottom\PW\PW \to \Pbottom\APbottom\Plepton^{+}\Pnu\Plepton^{-}\APnu$
                        decay channel}",
      journal        = "JHEP",
      volume         = "08",
      year           = "2015",
      pages          = "004",
      doi            = "10.1007/JHEP08(2015)004",
      eprint         = "1501.03799",
      archivePrefix  = "arXiv",
      primaryClass   = "hep-ph",
      reportNumber   = "FTUAM-15-2, IFT-UAM-CSIC-15-004, KIAS-P15003",
      SLACcitation   = "%%CITATION = ARXIV:1501.03799;%%"
}

@article{Adhikary:2017jtu,
      author         = "Adhikary, A. and Banerjee, S. and Barman, R.~K.
                        and Bhattacherjee, B. and Niyogi, S.",
      title          = "{Revisiting the non-resonant Higgs pair production at the
                        HL-LHC}",
      journal        = "JHEP",
      volume         = "07",
      year           = "2018",
      pages          = "116",
      doi            = "10.1007/JHEP07(2018)116",
      eprint         = "1712.05346",
      archivePrefix  = "arXiv",
      primaryClass   = "hep-ph",
      reportNumber   = "LAPTH-062-17, IPPP-17-100, LAPTH-062/17, IPPP/17/100",
      SLACcitation   = "%%CITATION = ARXIV:1712.05346;%%"
}
%%%%%%%%%%%%%%%%%%%%%%%%%%%%%%%%%%%%%%%%%%%%%%%%%%%%%%%%%%%%%%%%%%%%%%%%%%%%%%%%%

%%%%%%%%%%%%%%%%%%%%%%%%%%%%%%%%%%%%%%%%%%%%%%%%%%%%%%%%%%%%%%%%%%%%%%%%%%%%%%%%%
%
% Phenomenology papers on HH production in other channels
%
@article{Baur:2002rb,
      author         = "Baur, U. and Plehn, T. and Rainwater, D.~L.",
      title          = "{Measuring the Higgs boson self coupling at the LHC and
                        finite top mass matrix elements}",
      journal        = "Phys.~Rev.~Lett.",
      volume         = "89",
      year           = "2002",
      pages          = "151801",
      doi            = "10.1103/PhysRevLett.89.151801",
      eprint         = "hep-ph/0206024",
      archivePrefix  = "arXiv",
      primaryClass   = "hep-ph",
      reportNumber   = "FERMILAB-PUB-02-084-T, UB-HET-02-03, MADPH-02-1271,
                        FERMILAB-PUB-02-092-T",
      SLACcitation   = "%%CITATION = HEP-PH/0206024;%%"
}

@article{Baur:2002qd,
      author         = "Baur, U. and Plehn, T. and Rainwater, D.~L.",
      title          = "{Determining the Higgs boson self coupling at hadron
                        colliders}",
      journal        = "Phys.~Rev.",
      volume         = "D~67",
      year           = "2003",
      pages          = "033003",
      doi            = "10.1103/PhysRevD.67.033003",
      eprint         = "hep-ph/0211224",
      archivePrefix  = "arXiv",
      primaryClass   = "hep-ph",
      reportNumber   = "CERN-TH-2002-327, UB-HET-02-05, FERMILAB-PUB-02-199-T,
                        DESY-02-183",
      SLACcitation   = "%%CITATION = HEP-PH/0211224;%%"
}

@article{Baur:2003gpa,
      author         = "Baur, U. and Plehn, T. and Rainwater, D.~L.",
      title          = "{Examining the Higgs boson potential at lepton and hadron
                        colliders: a comparative analysis}",
      journal        = "Phys.~Rev.",
      volume         = "D~68",
      year           = "2003",
      pages          = "033001",
      doi            = "10.1103/PhysRevD.68.033001",
      eprint         = "hep-ph/0304015",
      archivePrefix  = "arXiv",
      primaryClass   = "hep-ph",
      reportNumber   = "CERN-TH-2003-069, UB-HET-03-01, DESY-03-035",
      SLACcitation   = "%%CITATION = HEP-PH/0304015;%%"
}

@article{Baur:2003gp,
      author         = "Baur, U. and Plehn, T. and Rainwater, D.~L.",
      title          = "{Probing the Higgs self coupling at hadron colliders using
                        rare decays}",
      journal        = "Phys.~Rev.",
      volume         = "D~69",
      year           = "2004",
      pages          = "053004",
      doi            = "10.1103/PhysRevD.69.053004",
      eprint         = "hep-ph/0310056",
      archivePrefix  = "arXiv",
      primaryClass   = "hep-ph",
      reportNumber   = "CERN-TH-2003-186, UB-HET-03-06, DESY-03-103",
      SLACcitation   = "%%CITATION = HEP-PH/0310056;%%"
}

@article{deLima:2014dta,
      author         = "Ferreira de Lima, Danilo Enoque and Papaefstathiou,
                        Andreas and Spannowsky, Michael",
      title          = "{Standard model Higgs boson pair production in the $\Pbottom\APbottom\Pbottom\APbottom$ final state}",
      journal        = "JHEP",
      volume         = "08",
      year           = "2014",
      pages          = "030",
      doi            = "10.1007/JHEP08(2014)030",
      eprint         = "1404.7139",
      archivePrefix  = "arXiv",
      primaryClass   = "hep-ph",
      SLACcitation   = "%%CITATION = ARXIV:1404.7139;%%"
}

@article{Wardrope:2014kya,
      author         = "Wardrope, David and Jansen, Eric and Konstantinidis,
                        Nikos and Cooper, Ben and Falla, Rebecca and
                        Norjoharuddeen, Nurfikri",
      title          = "{Non-resonant Higgs pair production in the $\Pbottom\APbottom\Pbottom\APbottom$
                        final state at the LHC}",
      journal        = "Eur.~Phys.~J.",
      volume         = "C~75",
      year           = "2015",
      number         = "5",
      pages          = "219",
      doi            = "10.1140/epjc/s10052-015-3439-0",
      eprint         = "1410.2794",
      archivePrefix  = "arXiv",
      primaryClass   = "hep-ph",
      SLACcitation   = "%%CITATION = ARXIV:1410.2794;%%"
}

@article{Behr:2015oqq,
      author         = "Behr, J.~K.  and Bortoletto, D. and Frost,
                        J.~A. and Hartland, N.~P. and Issever, C. and Rojo, J.",
      title          = "{Boosting Higgs pair production in the $\Pbottom\APbottom\Pbottom\APbottom$
                        final state with multivariate techniques}",
      journal        = "Eur.~Phys.~J.",
      volume         = "C~76",
      year           = "2016",
      number         = "7",
      pages          = "386",
      doi            = "10.1140/epjc/s10052-016-4215-5",
      eprint         = "1512.08928",
      archivePrefix  = "arXiv",
      primaryClass   = "hep-ph",
      reportNumber   = "OUTP-15-14P",
      SLACcitation   = "%%CITATION = ARXIV:1512.08928;%%"
}

@article{Azatov:2015oxa,
      author         = "Azatov, Aleksandr and Contino, Roberto and Panico,
                        Giuliano and Son, Minho",
      title          = "{Effective field theory analysis of double Higgs boson
                        production via gluon fusion}",
      journal        = "Phys.~Rev.",
      volume         = "D~92",
      year           = "2015",
      number         = "3",
      pages          = "035001",
      doi            = "10.1103/PhysRevD.92.035001",
      eprint         = "1502.00539",
      archivePrefix  = "arXiv",
      primaryClass   = "hep-ph",
      reportNumber   = "CERN-PH-TH-2015-015",
      SLACcitation   = "%%CITATION = ARXIV:1502.00539;%%"
}

@article{Li:2015yia,
      author         = "Li, Q. and Li, Z. and Yan, Q.-S. and Zhao, X.",
      title          = "{Probe Higgs boson pair production via the $3\Plepton 2\textrm{j} + \MET$ mode}",
      journal        = "Phys.~Rev.",
      volume         = "D~92",
      year           = "2015",
      number         = "1",
      pages          = "014015",
      doi            = "10.1103/PhysRevD.92.014015",
      eprint         = "1503.07611",
      archivePrefix  = "arXiv",
      primaryClass   = "hep-ph",
      SLACcitation   = "%%CITATION = ARXIV:1503.07611;%%"
}
%%%%%%%%%%%%%%%%%%%%%%%%%%%%%%%%%%%%%%%%%%%%%%%%%%%%%%%%%%%%%%%%%%%%%%%%%%%%%%%%%

%%%%%%%%%%%%%%%%%%%%%%%%%%%%%%%%%%%%%%%%%%%%%%%%%%%%%%%%%%%%%%%%%%%%%%%%%%%%%%%%%
%
% Paper on reconstruction of alternative observables for signal-to-background separation in the HH->bbWW channel
%
@article{Barr:2013tda,
      author         = "Barr, A.~J. and Dolan, M.~J. and Englert, C. and Spannowsky, M.",
      title          = "{Di-Higgs final states augMT2ed -- selecting $\PHiggs\PHiggs$ events
                        at the high luminosity LHC}",
      journal        = "Phys.~Lett.",
      volume         = "B~728",
      year           = "2014",
      pages          = "308",
      doi            = "10.1016/j.physletb.2013.12.011",
      eprint         = "1309.6318",
      archivePrefix  = "arXiv",
      primaryClass   = "hep-ph",
      reportNumber   = "IPPP-13-74, DCPT-13-148",
      SLACcitation   = "%%CITATION = ARXIV:1309.6318;%%"
}

@article{Kim:2018cxf,
      author         = "Kim, J.~H. and Kong, K. and Matchev, K.~T. and Park, M.",
      title          = "{Measuring the triple Higgs self interaction at the Large Hadron Collider}",
      year           = "2018",
      eprint         = "1807.11498",
      archivePrefix  = "arXiv",
      primaryClass   = "hep-ph",
      SLACcitation   = "%%CITATION = ARXIV:1807.11498;%%"
}
%%%%%%%%%%%%%%%%%%%%%%%%%%%%%%%%%%%%%%%%%%%%%%%%%%%%%%%%%%%%%%%%%%%%%%%%%%%%%%%%%

%%%%%%%%%%%%%%%%%%%%%%%%%%%%%%%%%%%%%%%%%%%%%%%%%%%%%%%%%%%%%%%%%%%%%%%%%%%%%%%%%
%
% Use TMVA and scikit-learn papers as reference for boosted decision trees (BDTs)
%
@article{TMVA,
      author         = "Hocker, Andreas and others",
      title          = "{TMVA -- toolkit for multivariate data analysis}",
      year           = "2007",
      eprint         = "physics/0703039",
      archivePrefix  = "arXiv",
      primaryClass   = "physics.data-an",
      reportNumber   = "CERN-OPEN-2007-007",
      SLACcitation   = "%%CITATION = PHYSICS/0703039;%%"
}

@article{scikit-learn,
      author         = "Pedregosa, Fabian and others",
      title          = "{Scikit-learn: machine learning in Python}",
      journal        = "J.~Machine~Learning~Res.",
      volume         = "12",
      year           = "2011",
      pages          = "2825",
      eprint         = "1201.0490",
      archivePrefix  = "arXiv",
      primaryClass   = "cs.LG",
      SLACcitation   = "%%CITATION = ARXIV:1201.0490;%%"
}
%%%%%%%%%%%%%%%%%%%%%%%%%%%%%%%%%%%%%%%%%%%%%%%%%%%%%%%%%%%%%%%%%%%%%%%%%%%%%%%%%

%%%%%%%%%%%%%%%%%%%%%%%%%%%%%%%%%%%%%%%%%%%%%%%%%%%%%%%%%%%%%%%%%%%%%%%%%%%%%%%%%
%
% Use Keras and TensorFlow papers as reference for neural networks (NNs)
%
@misc{Keras,
      title          = "{Keras}",
      author         = "Chollet, Fran\c{c}ois and others",
      year           = "2015",
      howpublished   = {\url{https://keras.io}},
}

@article{TensorFlow,
      author         = "Martin Abadi and Paul Barham and Jianmin Chen and Zhifeng Chen and Andy Davis and Jeffrey Dean and Matthieu Devin and Sanjay Ghemawat and Geoffrey Irving and Michael Isard and Manjunath Kudlur and Josh Levenberg and Rajat Monga and Sherry Moore and Derek G. Murray and Benoit Steiner and Paul Tucker and Vijay Vasudevan and Pete Warden and Martin Wicke and Yuan Yu and Xiaoqiang Zheng",
      title          = "{TensorFlow: A system for large-scale machine learning}",
      booktitle      = "{Proceedings, 12th USENIX Symposium on Operating Systems Design and Implementation (OSDI16): Savannah, GA, USA, November 2–4, 2016}",
      year           = "2016",
      pages          = "265",
}
%%%%%%%%%%%%%%%%%%%%%%%%%%%%%%%%%%%%%%%%%%%%%%%%%%%%%%%%%%%%%%%%%%%%%%%%%%%%%%%%%

%%%%%%%%%%%%%%%%%%%%%%%%%%%%%%%%%%%%%%%%%%%%%%%%%%%%%%%%%%%%%%%%%%%%%%%%%%%%%%%%%
%
% Use SVfitMEM paper as reference for treatment of hadronic recoil
%
@article{SVfitMEM,
      author         = "Bianchini, Lorenzo and Calpas, Betty and Conway, John and
                        Fowlie, Andrew and Marzola, Luca and Veelken, Christian
                        and Perrini, Lucia",
      title          = "{Reconstruction of the Higgs mass in events with Higgs
                        bosons decaying into a pair of $\Pgt$ leptons using matrix
                        element techniques}",
      journal        = "Nucl.~Instrum.~Meth.",
      volume         = "A~862",
      year           = "2017",
      pages          = "54",
      doi            = "10.1016/j.nima.2017.05.001",
      eprint         = "1603.05910",
      archivePrefix  = "arXiv",
      primaryClass   = "hep-ex",
      reportNumber   = "COEPP-MN-16-7",
      SLACcitation   = "%%CITATION = ARXIV:1603.05910;%%"
}
%%%%%%%%%%%%%%%%%%%%%%%%%%%%%%%%%%%%%%%%%%%%%%%%%%%%%%%%%%%%%%%%%%%%%%%%%%%%%%%%%

%%%%%%%%%%%%%%%%%%%%%%%%%%%%%%%%%%%%%%%%%%%%%%%%%%%%%%%%%%%%%%%%%%%%%%%%%%%%%%%%%
%
% MET-significance algorithm
%
@article{JME-10-009,
      author         = "Chatrchyan, Serguei and others",
      title          = "{Missing transverse energy performance of the CMS
                        detector}",
      collaboration  = "CMS",
      journal        = "JINST",
      volume         = "6",
      year           = "2011",
      pages          = "P09001",
      doi            = "10.1088/1748-0221/6/09/P09001",
      eprint         = "1106.5048",
      archivePrefix  = "arXiv",
      primaryClass   = "physics.ins-det",
      reportNumber   = "CERN-PH-EP-2011-051, CMS-JME-10-009",
      SLACcitation   = "%%CITATION = ARXIV:1106.5048;%%"
}
%%%%%%%%%%%%%%%%%%%%%%%%%%%%%%%%%%%%%%%%%%%%%%%%%%%%%%%%%%%%%%%%%%%%%%%%%%%%%%%%%

%%%%%%%%%%%%%%%%%%%%%%%%%%%%%%%%%%%%%%%%%%%%%%%%%%%%%%%%%%%%%%%%%%%%%%%%%%%%%%%%%
%
% Receiver operating characteristic (ROC) curve
%
@book{ROCcurve,
  address = "{New York}",
  author = "Green, D.~M. and Swets, J.~A.",
  keywords = "{cogn}",
  publisher = "{Wiley}",
  title = "{Signal detection theory and psychophysics}",
  year = "1966"
}
%%%%%%%%%%%%%%%%%%%%%%%%%%%%%%%%%%%%%%%%%%%%%%%%%%%%%%%%%%%%%%%%%%%%%%%%%%%%%%%%%

%%%%%%%%%%%%%%%%%%%%%%%%%%%%%%%%%%%%%%%%%%%%%%%%%%%%%%%%%%%%%%%%%%%%%%%%%%%%%%%%%
%
% ATLAS and CMS Particle Flow papers 
% (used as reference for energy resolution of b-jets)
%
@article{Aaboud:2017aca,
      author         = "Aaboud, Morad and others",
      title          = "{Jet reconstruction and performance using particle flow
                        with the ATLAS Detector}",
      collaboration  = "ATLAS",
      journal        = "Eur.~Phys.~J.",
      volume         = "C~77",
      year           = "2017",
      number         = "7",
      pages          = "466",
      doi            = "10.1140/epjc/s10052-017-5031-2",
      eprint         = "1703.10485",
      archivePrefix  = "arXiv",
      primaryClass   = "hep-ex",
      reportNumber   = "CERN-EP-2017-024",
      SLACcitation   = "%%CITATION = ARXIV:1703.10485;%%"
}

@article{PRF-14-001,
      author         = "Sirunyan, A.~M. and others",
      title          = "{Particle-flow reconstruction and global event
                        description with the CMS detector}",
      collaboration  = "CMS",
      journal        = "JINST",
      volume         = "12",
      year           = "2017",
      number         = "10",
      pages          = "P10003",
      doi            = "10.1088/1748-0221/12/10/P10003",
      eprint         = "1706.04965",
      archivePrefix  = "arXiv",
      primaryClass   = "physics.ins-det",
      reportNumber   = "CMS-PRF-14-001, CERN-EP-2017-110",
      SLACcitation   = "%%CITATION = ARXIV:1706.04965;%%"
}
%%%%%%%%%%%%%%%%%%%%%%%%%%%%%%%%%%%%%%%%%%%%%%%%%%%%%%%%%%%%%%%%%%%%%%%%%%%%%%%%%

%%%%%%%%%%%%%%%%%%%%%%%%%%%%%%%%%%%%%%%%%%%%%%%%%%%%%%%%%%%%%%%%%%%%%%%%%%%%%%%%%
%
% ATLAS and CMS papers on MET resolution
% (used as reference for energy resolution on hadronic recoil)
%
@article{Aaboud:2018tkc,
      author         = "Aaboud, Morad and others",
      title          = "{Performance of missing transverse momentum
                        reconstruction with the ATLAS detector using proton-proton
                        collisions at $\sqrt{s} = 13$~\TeV}",
      collaboration  = "ATLAS",
      journal        = "Eur.~Phys.~J.",
      volume         = "C~78",
      year           = "2018",
      number         = "11",
      pages          = "903",
      doi            = "10.1140/epjc/s10052-018-6288-9",
      eprint         = "1802.08168",
      archivePrefix  = "arXiv",
      primaryClass   = "hep-ex",
      reportNumber   = "CERN-EP-2017-274",
      SLACcitation   = "%%CITATION = ARXIV:1802.08168;%%"
}

@article{JME-17-001,
      AUTHOR      = "{CMS Collaboration}",
      COLLABORATION = "CMS",
      TITLE       = "{Performance of missing transverse momentum in proton-proton
                      collisions at $\sqrt{s} = 13$~\TeV using the CMS detector}",
      URL         = "http://cds.cern.ch/record/2628600",
      TYPE        = "CMS Physics Analysis Summary",
      NUMBER      = "CMS-PAS-JME-17-001",
      YEAR        = "2017"
}
%%%%%%%%%%%%%%%%%%%%%%%%%%%%%%%%%%%%%%%%%%%%%%%%%%%%%%%%%%%%%%%%%%%%%%%%%%%%%%%%%

%%%%%%%%%%%%%%%%%%%%%%%%%%%%%%%%%%%%%%%%%%%%%%%%%%%%%%%%%%%%%%%%%%%%%%%%%%%%%%%%%
%
% ATLAS and CMS papers on b-tagging performance
%
@article{Aad:2015ydr,
      author         = "Aad, Georges and others",
      title          = "{Performance of $\Pbottom$-jet identification in the ATLAS
                        experiment}",
      collaboration  = "ATLAS",
      journal        = "JINST",
      volume         = "11",
      year           = "2016",
      number         = "04",
      pages          = "P04008",
      doi            = "10.1088/1748-0221/11/04/P04008",
      eprint         = "1512.01094",
      archivePrefix  = "arXiv",
      primaryClass   = "hep-ex",
      reportNumber   = "CERN-PH-EP-2015-216",
      SLACcitation   = "%%CITATION = ARXIV:1512.01094;%%"
}

@article{BTV-16-002, 
      author         = "Sirunyan, A.~M. and others",
      title          = "{Identification of heavy-flavour jets with the CMS
                        detector in $\Pp\Pp$ collisions at $13$~\TeV}",
      collaboration  = "CMS",
      journal        = "JINST",
      volume         = "13",
      year           = "2018",
      number         = "05",
      pages          = "P05011",
      doi            = "10.1088/1748-0221/13/05/P05011",
      eprint         = "1712.07158",
      archivePrefix  = "arXiv",
      primaryClass   = "physics.ins-det",
      reportNumber   = "CMS-BTV-16-002, CERN-EP-2017-326",
      SLACcitation   = "%%CITATION = ARXIV:1712.07158;%%"
}
%%%%%%%%%%%%%%%%%%%%%%%%%%%%%%%%%%%%%%%%%%%%%%%%%%%%%%%%%%%%%%%%%%%%%%%%%%%%%%%%%
